1640 2812
206 143 256 207 {⁹26

206 276 280 319 Die,
292 272 594 315 Verdorbenheit
612 278 731 315 dieser
745 274 876 314 Worte
892 277 943 315 ist
961 274 1174 328 offenbarer
1182 301 1193 321 ‚
1217 277 1276 314 als
1292 274 1485 329 &elfere

206 340 369 386 stellung
383 341 506 383 leicht.
536 338 615 377 Sed
631 338 707 376 nisi
721 339 837 377 fallor
855 338 1128 378 emendatione
1145 337 1276 377 locus
1270 352 1350 377 nou
1368 345 1474 390 eget,

207 410 280 434 nec
299 399 403 437 bono
420 413 536 439 sensu
556 406 669 438 caret.
713 401 854 440 Nam
841 416 880 439 m
895 404 1075 451 solatium
1089 400 1222 449 cessit,
1249 414 1329 438 non
1343 402 1473 443 stricte
1515 442 1517 445 v

209 463 420 512 significat,
450 463 728 503 Germanicum
745 465 899 505 Vitellii
915 478 1054 511 revera
1067 464 1159 503 inde
1176 465 1313 503 solatia
1334 461 1475 519 perce-

206 528 334 579 pisse,
365 527 476 579 quasi
492 527 762 566 recordatione
780 528 892 566 nimii
911 528 1072 567 honoris
1092 526 1288 581 quondam
1303 527 1475 598 percepti

211 603 306 627 usus
330 597 450 627 esset
458 589 510 627 ad
537 591 713 628 animum
740 592 843 629 inter
866 589 1029 629 adversa
1053 589 1354 639 deleniendum3
1394 589 1475 628 imo

210 664 348 688 sensus
366 658 445 688 est:
475 652 621 690 nimius
641 652 711 690 ille
728 653 856 690 honor
873 652 975 689 inter
992 651 1161 693 secunda
1175 665 1271 698 ,eum
1289 659 1476 691 eventum

211 713 369 759 habuit,
411 720 455 749 ut
487 712 686 751 videretur
708 713 831 752 fuisse
856 713 1033 765 pensatio
1056 712 1309 751 adversarum
1331 726 1477 761 rerum,

202 788 308 825 ,quas
325 783 461 826 postea
477 784 662 828 expertus
679 784 748 814 est.
802 776 1047 814 Vernacule·
1062 780 1154 813 eine
1171 790 1221 813 zu
1235 779 1364 827 groſsse
1380 776 1482 816 Εᾶνέ

211 842 265 876 im
284 837 429 887 δὶᾶοῖε,
455 843 510 877 st'e
528 841 652 877 diente
670 840 753 876 dem
778 838 948 888 Ungliiok
963 851 1036 875 zur
1052 828 1376 889 Entschddigung.

692 962 754 1001 H
742 977 755 1000 1
766 969 820 1001 st.
847 961 921 1012 III,
952 963 1011 1002 12.

270 1044 367 1082 Tum
395 1057 617 1096 pmgressus
643 1040 820 1084 Lucilius
855 1053 1048 1084 auctorem
1078 1057 1118 1082 se
1144 1047 1277 1095 palam
1300 1046 1479 1100 praebet:

264 1112 396 1146 classis
420 1108 633 1146 Cornelium
652 1109 817 1146 Fuscum
839 1108 1076 1159 praffectum
1101 1110 1175 1147 sibi
1196 1112 1381 1154 destinat,
1415 1112 1482 1159 qui

259 1186 422 1224 propere
441 1175 674 1212 adcucurrit
728 1171 876 1212 Bassus
894 1175 1084 1211 honorata
1100 1175 1275 1212 custodia
1293 1179 1366 1213 etc.

319 1266 503 1309 Fuscum,
532 1264 585 1302 sic
587 1264 762 1318 Lipsius
779 1265 947 1302 correxit
963 1266 1012 1302 ob
1028 1266 1127 1303 Hist.
1140 1267 1176 1313 2,
1189 1262 1252 1302 86.
1303 1263 1485 1303 Consen-

216 1327 264 1366 tit
285 1327 345 1366 ed.
369 1341 425 1379 pr.
484 1328 594 1364 Ante
613 1326 794 1378 Lipsium
819 1310 1024 1364 edebatur.
1062 1328 1247 1373 Tuscum,
1276 1327 1334 1364 uti
1358 1334 1417 1365 est
1441 1326 1484 1364 in

214 1390 439 1429 Bud.'Harl.
452 1389 564 1426 Bodl.
581 1388 655 1426 Ies.
668 1388 796 1426 Guelf.
808 1388 868 1425 ed.
879 1389 1082 1427 l‘uteolan.
1095 1402 1178 1440 sqq.
1216 1386 1374 1446 Bipont.
1394 1397 1484 1426 ante

214 1457 347 1492 classis
374 1450 523 1488 addunt
543 1458 608 1498 at,
642 1450 808 1498 scilicet,
844 1463 894 1494 ne
913 1452 1113 1502 abruptius
1131 1459 1350 1489 transeatur
1370 1457 1486 1504 atque

215 1518 358 1556 vitetur
391 1515 541 1562 hiatus,
584 1514 652 1565 qui
680 1510 836 1570 videtur
865 1526 952 1552 esse
977 1512 1079 1551 inter
1107 1522 1317 1566 utrumque
1344 1507 1494 1569 locuni.

213 1582 380 1624 Vereor
390 1586 545 1624 tamen,
575 1584 620 1613 ut
644 1576 743 1613 illud
771 1585 813 1613 at
839 1578 931 1614 satis
953 1576 1167 1613 medeatur.
1222 1571 1420 1615 Savilius‘
1408 1591 1487 1614 iam
1516 1571 1522 1576 ”

216 1642 484 1695 quaesiverat:
512 1668 537 1686 ‚,
551 1639 630 1696 Cur
648 1651 793 1676 munus
813 1651 929 1678 suum
946 1636 1090 1679 Bassus
1109 1652 1186 1678 non
1203 1637 1393 1678 retinuit?
1421 1654 1488 1678 cur
1538 1669 1542 1671 .

216 1705 387 1743 strictius
402 1704 442 1739 in
462 1714 611 1739 carcere
627 1701 805 1749 habitus,
824 1701 857 1737 si
869 1700 1051 1737 Me‘nnius
1061 1698 1294 1750 Vespasiani
1311 1715 1489 1740 caussam

217 1762 558 1819 amplectebatur?
592 1763 625 1799 si
642 1763 797 1800 hostem
814 1762 1089 1816 profitebatur,
1117 1775 1185 1799 cur
1200 1761 1361 1800 iubente
1379 1763 1488 1801 Hor-

217 1842 306 1873 mo,
333 1825 566 1878 Vespasiani
585 1825 710 1861 amico
724 1853 733 1871 ‚
763 1822 947 1860 dimissus
966 1821 1085 1859 est?''
1136 1819 1365 1874 Respondet
1380 1824 1411 1863 Ι.
1423 1825 1486 1864 Fr.

219 1889 460 1930 Gronovius·
490 1886 610 1934 „Non
635 1885 817 1931 retinuit,
846 1881 936 1935 quia
961 1897 1047 1921 rato
1066 1884 1255 1922 hactenus
1272 1885 1489 1936 proditori-

218 1955 293 1991 bus
319 1950 508 1996 meditur,
545 1956 590 1985 ut
615 1948 858 1999 relinquatur
884 1947 941 1983 eis
968 1944 1134 1983 facultas
1158 1945 1423 1997 poenitentiae
1449 1959 1489 1988 et

217 2012 386 2054 nocendi
402 2011 552 2050 eisdem
569 2011 736 2056 viribus,
765 2004 905 2060 quibus
921 2006 1118 2060 profuere.
1156 2005 1235 2045 Sed
1250 2017 1290 2047 et
1306 2007 1356 2048 ad
1372 2025 1490 2051 secu-
1524 2052 1530 2055 ,

217 2081 375 2118 ritatem
404 2077 487 2114 eius
513 2073 702 2126 pertinuit
725 2070 929 2110 discedere
956 2084 976 2107 a
1001 2071 1142 2117 classe,
1176 2070 1216 2107 in
1244 2085 1320 2123 qua
1346 2082 1489 2122 essent,

217 2143 360 2193 quibus
375 2138 510 2175 invitis
525 2144 656 2187 partes
673 2141 905 2172 mutaverat.
918 2134 941 2152 ”
995 2122 1083 2170 Non
1100 2132 1295 2173 satisfacit.
1339 2137 1470 2176 Nam
1456 2140 1490 2177 si
1533 2161 1536 2163 v

217 2205 365 2242 Bassus
384 2213 429 2239 ea
450 2198 498 2236 de
518 2210 672 2243 caussa,
710 2209 827 2248 quam
845 2195 1067 2246 Gronovius
1084 2193 1230 2244 adfert,
1264 2199 1490 2249 praefectu-

218 2282 299 2307 ram
331 2264 482 2311 amisit,
521 2275 587 2299 cur
606 2261 671 2298 alii
689 2259 904 2297 defectores
922 2270 989 2296 sua
1007 2271 1170 2296 munera
1188 2266 1229 2297 et
1246 2260 1371 2301 officia
1390 2264 1490 2315 reti—

217 2343 337 2370 nuere
351 2329 370 2367 ?
402 2327 510 2367 Num
527 2324 638 2363 decet
658 2324 827 2371 classem·
837 2335 907 2374 pro
921 2325 1102 2373 'suspecto
1118 2322 1265 2360 habere
1278 2337 1391 2372 eum,
1411 2339 1488 2377 quo

220 2399 376 2432 auctore
394 2391 478 2442 ipsa
496 2387 547 2427 ad
562 2386 860 2439 Vespasianum
871 2383 1046 2423 defecit?
1099 2384 1143 2424 Si
1159 2383 1280 2442 Basso
1301 2394 1487 2434 metuen-
