1640 2812
637 264 818 326 Anaal.
846 286 879 335 1,
910 289 968 329 ιο.

215 373 532 422 proscriptionem
547 371 707 418 civium,
735 371 938 409 divisiones
954 382 1155 419 agrorum,
1177 381 1224 405 ne
1237 369 1331 419 ipsis
1345 370 1442 429 'gui-
1492 373 1506 414 j

216 437 323 485 dem,
349 437 417 486 qui
436 430 582 485 cepere,
604 435 807 472 laudatas.

275 537 339 577 Sic
355 535 571 576 hodiernae
593 535 682 577 edd.
702 548 841 577 omnes
856 548 909 575 ex
923 537 1112 590 opinione
1127 535 1293 584 Mureti,
1326 548 1442 588 quam

170 601 420 655 potissimum
450 601 627 643 Wolfius
661 614 752 639 cum
784 588 931 639 eximia
963 600 1107 639 fiducia
1140 597 1442 638 commendavit.

170 664 244 703 Ms.
266 663 370 704 Flor.
398 670 568 703 testante
592 663 764 702 I'ichena
792 669 832 701 et
857 669 951 701 vett.
977 661 1068 702 edd.
1098 666 1165 715 qui
1184 660 1326 710 fecere.
1384 659 1441 698 At

171 739 296 779 quum
315 726 473 766 Murem
495 717 732 764 innotuisset
754 726 904 774 (nescio
927 724 1051 775 unde)
1075 726 1117 763 in
1141 723 1310 776 antiquis
1336 734 1446 761 esse}

170 793 237 841 qui
258 803 430 842 caepere,
462 789 573 827 venit
590 788 669 841 ipsi
687 788 856 842 suspicio
875 787 924 826 de
941 787 1088 826 mendo
1106 787 1286 836 vulgatae
1303 781 1447 823 lectio·-

170 852 254 901 nis,
283 856 329 891 *et
352 853 439 891 loco
462 852 641 891 Suetonii
660 851 747 891 Oct.
770 854 803 891 c'.
826 853 886 890 18.
915 846 1103 904 deceptus
1127 851 1279 890 censuit
1302 851 1446 898 legen-

171 914 268 954 dum
284 928 370 956 esse
385 930 521 968 cepere.
574 912 770 963 Nimirum
780 913 994 954 Suetonius
1010 913 1059 953 de
1071 915 1288 955 Octaviano
1303 913 1445 953 refert:

169 973 288 1032 neque
308 986 577 1018 veteranorum
600 993 718 1031 neque
738 992 1000 1035 possessorum
1017 969 1190 1028 gratiam
1212 983 1353 1033 tenuit,
1381 980 1452 1020 abr

171 1043 263 1078 teris
284 1042 375 1091 pelli
398 1052 458 1088 se,
493 1042 623 1078 alteris
643 1054 719 1078 non
743 1054 817 1091 pro
839 1053 907 1091 spe
927 1044 1150 1078 meritorum
1171 1042 1335 1078 tractari
1351 1052 1459 1091 que-¹
1503 1069 1507 1076 f

171 1105 354 1141 rentibus.
406 1101 494 1140 Iam
518 1101 661 1140 eodem
683 1109 857 1155 spectare
873 1100 999 1140 Taciti
1021 1104 1139 1139 verba
1160 1102 1448 1140 existimantur.

170 1163 250 1203 Sed
278 1178 448 1217 quaero,
491 1178 542 1203 an
575 1164 790 1219 divisiones
822 1178 1025 1214 agrorum,
1068 1154 1245 1218 neipsis
1273 1164 1448 1218 quidem,

170 1229 239 1280 qui
264 1241 425 1281 cepere,
460 1228 663 1277 laudatae,
702 1229 857 1268 crimini
881 1226 983 1267 verti
1009 1230 1208 1282 potuerint
1233 1228 1450 1279 Augusto?

168 1292 277 1332 Num
311 1291 527 1331 divisiones
559 1304 743 1341 agrorum
773 1284 853 1345 per*
878 1305 920 1331 se
954 1291 1188 1345 displicuere
1222 1290 1450 1334 veteranis?

168 1353 257 1392 Imo
277 1353 372 1391 satis
389 1354 453 1391 his
471 1354 699 1407 placebant3
732 1355 994 1406 querebantur
1013 1366 1107 1392 vero
1127 1367 1179 1392 ex
1196 1354 1317 1392 nimia
1330 1348 1452 1407 'cupi-

171 1412 304 1452 ditate.
355 1413 529 1453 Multum
550 1415 671 1463 igitur
693 1417 825 1462 abest,
860 1422 903 1452 ut
930 1428 953 1452 e
978 1423 1256 1455 veteranorum
1280 1418 1450 1469 querelis

168 1476 408 1529 vituperium
420 1476 593 1525 Augusti
609 1476 733 1529 repeti
748 1476 893 1529 possit,
921 1483 965 1514 ut
981 1477 1113 1528 potius
1130 1477 1172 1515 in
1188 1477 1273 1516 eius
1291 1477 1452 1516 laudem

170 1540 269 1578 haec
292 1540 463 1578 valeant.
522 1539 660 1578 Altera
683 1531 862 1592 quaestio
885 1547 966 1588 est,
983 1554 1097 1579 'num
1122 1530 1262 1581 verba:
1301 1558 1346 1582 ne
1360 1572 1369 1582 .
1386 1568 1396 1583 ».
1412 1573 1422 1583 .
1439 1573 1450 1583 .

172 1606 379 1648 laudatas,
413 1601 464 1640 ad
490 1601 705 1641 divisiones
730 1607 912 1652 agrorum
937 1611 1091 1645 tantum
1119 1595 1362 1662 pertineant,
1400 1620 1451 1647 an

172 1669 294 1707 etiam
317 1666 525 1716 referenda
546 1667 626 1706 sint
648 1666 697 1705 ad
715 1668 1039 1721 proscriptionem
1059 1667 1236 1710 civium?
1287 1671 1395 1712 Illud
1417 1674 1453 1713 si

174 1731 332 1778 statuis,
360 1730 521 1769 Tacitus
540 1731 633 1769 satis
651 1730 758 1768 nude
775 1732 928 1783 posuit:
961 1735 1277 1785 proscriptionem
1297 1740 1451 1788 civium,

173 1796 279 1833 inter
303 1788 429 1833 'hasce
459 1795 674 1834 sententias
698 1794 749 1833 ad
774 1808 896 1833 unam
922 1809 1060 1838 omnes
1086 1799 1255 1852 pleniori
1282 1801 1451 1854 quadam

175 1857 446 1896 enuntiatione
464 1859 674 1911 expositas.
729 1857 877 1897 Omnia
894 1860 1026 1911 potius
1046 1859 1233 1911 suadent,
1267 1871 1312 1902 ut
1332 1878 1453 1917 prae...

178 1919 325 1959 dicata:
361 1935 408 1959 ne
423 1949 433 1958 .
451 1950 460 1958 .
478 1951 487 1960 .
514 1924 719 1965 laudatas,
751 1920 801 1958 ad
824 1925 1142 1972 proscriptionem
1166 1927 1306 1975 civium
1329 1929 1450 1968 etiam

176 1983 336 2021 referas.
390 1981 497 2020 Tum
519 1995 614 2021 vero
641 1996 720 2021 non
743 1982 882 2032 video,
915 1983 1113 2036 quomodo
1139 1988 1304 2028 verbum
1326 1978 1465 2043 ceper-e>

177 2058 267 2083 cum
291 2045 360 2082 illa
384 2045 582 2083 conciliari
606 2046 741 2098 possit.
796 2045 909 2096 Quae
929 2059 1051 2099 quum
1070 2047 1125 2085 ita
1147 2049 1247 2098 sint,
1274 2051 1451 2092 red-eun-

176 2109 273 2146 dum
291 2109 354 2146 hic
373 2108 448 2146 erit
468 2107 517 2145 ad
535 2107 619 2146 cod.
637 2108 740 2146 Flor.
759 2109 991 2147 lectionem:
1019 2109 1231 2161 quifecere.
1286 2114 1381 2166 Qui
1383 2116 1452 2154 fe-

177 2185 263 2210 cere
288 2171 615 2224 proscriptionem
642 2172 784 2209 civium
811 2179 851 2209 et
877 2170 1091 2211 divisiones
1118 2186 1320 2232 agrorum,
1360 2188 1451 2218 sunt

177 2236 374 2275 triumviri
395 2242 436 2273 et
459 2235 527 2288 qui
548 2234 765 2288 plurimum
786 2233 890 2288 apud
909 2236 1000 2275 illos
1015 2244 1199 2290 potuere,
1226 2250 1451 2297 spectatque

139 2301 145 2308 ”
177 2302 240 2339 hic
259 2302 368 2339 locus
389 2299 439 2339 ad
454 2300 582 2338 varias
598 2298 861 2348 dissensiones
877 2313 994 2353 super
1009 2303 1290 2354 proscriptione
1305 2306 1451 2346 civium

180 2374 219 2403 et
252 2365 445 2403 divisione
480 2378 661 2414 agrorum
687 2365 728 2402 in
755 2364 1048 2403 triumvirorum
1080 2368 1253 2418 partibus
1282 2378 1449 2411 exortas,

178 2429 278 2469 Nam
294 2428 341 2465 de
355 2428 423 2465 illa
436 2427 554 2467 refert
565 2425 725 2465 sueton.
737 2425 823 2465 Oct.
836 2440 867 2464 c.
878 2427 939 2464 27.
958 2431 1096 2464 restitit
1114 2430 1263 2478 quidem
1277 2430 1450 2485 (octav.)
1465 2428 1471 2431 ’
